%
%  Vzor bibliografické databáze pro automatickou tvorbu seznamu referencí
%  pomocí BibTeXu
%
%  Doporučený software pro správu databáze literatury formátu *.bib:
%    JabRef, http://jabref.sourceforge.net/
%
%  POZOR:
%
	%    *  Písmena v názvech publikací, jež je třeba tisknout vždy velká, se musejí psát
%       do složených závorek ({T}hailand, {HIV})
	%
	%  ===========================================================================
	% cite with bibentry
	% @manual{HaproxyDocs,
		%		title = {HAProxy Enterprise Documentation 2.3r1},
		%		organization = {HAProxy Technologies, LLC},
		%		url = {https://www.haproxy.com/documentation/hapee/latest/},
		%		note = "[cit 2021-13-4]"
			% }

@manual{WT901B,
	title = {WT901 Datasheet},
	organization = {WitMotion Shenzen Co. Ltd.},
	url = {https://www.wit-motion.com/gyroscope-module/Witmotion-wt901-ttl-i2c.html},
	note = "[cit 2022-27-2]"
}

@manual{WT901BL,
	title = {Arduino-JY901-Serial},
	author = { Paul Tian},
	organization = {GitHub},
	url = {https://github.com/paul-tian/Arduino-JY901-Serial},
	note = "[cit 2022-27-2]"
}
@manual{INA226,
	title = {INA226 High-Side or Low-Side Measurement, Bi-Directional Current and Power Monitor with I2C Compatible Interface datasheet (Rev. A)},
	organization = {Texas Instrument},
	url = {https://www.ti.com/product/ina226?dcmp=dsproject\&hqs=pf\#tech-docs},
	note = "[cit 2022-27-2]"
}
@manual{INA226L,
	title = {raspberry-pi-ina226},
	author = { Mario Arias },
	organization = {GitHub},
	url = {https://github.com/MarioAriasGa/raspberry-pi-ina226},
	note = "[cit 2022-27-2]"
}

@manual{PCA9865,
	title = {Library PCA9685},
	author = {Arjan},
	organization = {GitHub},
	url = {https://github.com/vanvught/rpidmx512/tree/master/lib-pca9685},
	note = "[cit 2022-27-2]"
}
